

@book{sullivan2015nosql,
  title     = {NoSQL for Mere Mortals},
  author    = {Sullivan, Dan},
  year      = {2015},
  publisher = {Addison-Wesley},
  isbn      = {9780134023216}
}


@manual{flask,
  title        = {Flask Documentation},
  author       = {Armin Ronacher},
  year         = {2024},
  url          = {https://flask.palletsprojects.com}
}

@misc{flaskrestx,
  author       = {Python RESTX Community},
  title        = {Flask-RESTX Documentation},
  year         = {2024},
  howpublished = {\url{https://flask-restx.readthedocs.io/}}
}

@misc{swagger,
  author       = {SmartBear Software},
  title        = {Swagger: OpenAPI Specification},
  year         = {2024},
  howpublished = {\url{https://swagger.io/specification/}}
}

@manual{mongodb,
  title        = {MongoDB Manual},
  author       = {MongoDB Inc.},
  year         = {2024},
  url          = {https://www.mongodb.com/docs/manual/}
}

@manual{redis,
  title        = {Redis Documentation},
  author       = {Redis Labs},
  year         = {2024},
  url          = {https://redis.io/docs}
}

@manual{react,
  title        = {React – A JavaScript Library for Building User Interfaces},
  author       = {Meta (formerly Facebook)},
  year         = {2024},
  url          = {https://react.dev}
}

@manual{docker,
  title        = {Docker Documentation},
  author       = {Docker Inc.},
  year         = {2024},
  url          = {https://docs.docker.com}
}

@manual{vite,
  title        = {Vite – Next Generation Frontend Tooling},
  author       = {Evan You},
  year         = {2024},
  url          = {https://vitejs.dev}
}

@manual{jwt,
  title        = {JWT.IO - JSON Web Tokens},
  author       = {Auth0},
  year         = {2024},
  url          = {https://jwt.io/introduction}
}

@manual{randomuser,
  title        = {Random User Generator API},
  author       = {RandomUser.me},
  year         = {2024},
  url          = {https://randomuser.me/documentation}
}

@online{pydantic,
  title        = {Pydantic Documentation},
  author       = {Samuel Colvin},
  year         = {2024},
  url          = {https://docs.pydantic.dev}
}

