%! Author = adrienkoumgangtegantchouang
%! Date = 07/06/25

